@article{2005willmott,
  author = {Willmott, Cort J. and Matsuura, Kenji},
  title = {Advantages of the mean absolute error ({MAE}) over the root mean square error ({RMSE}) in assessing average model performance},
  journal = {Climate Research},
  volume = {30},
  number = {1},
  pages = {79--82},
  year = {2005},
  doi = {10.3354/cr030079},
  publisher = {Inter-Research}
}

@inproceedings{2009baccianella,
  author = {Baccianella, Stefano and Esuli, Andrea and Sebastiani, Fabrizio},
  title = {Evaluation Measures for Ordinal Regression},
  booktitle = {Proceedings of the 9th {IEEE} International Conference on Intelligent Systems Design and Applications},
  pages = {283--287},
  year = {2009},
  doi = {10.1109/ISDA.2009.230},
  publisher = {IEEE}
}

@article{2009sokolova,
  author = {Sokolova, Marina and Lapalme, Guy},
  title = {A systematic analysis of performance measures for classification tasks},
  journal = {Information Processing \& Management},
  volume = {45},
  number = {4},
  pages = {427--437},
  year = {2009},
  doi = {10.1016/j.ipm.2009.03.002},
  publisher = {Elsevier}
}


% ------------------------------------------------------------
%                     AGING ON THE HOOF
% ------------------------------------------------------------
@article{1978Knowlton,
    title={Weight patterns of wild white-tailed deer in southern Texas},
    journal={Proceedings of the First Welder Wildlife Foundation Symposium},
    author={Knowlton, Frederick F and White, Marshall and Kie, John G},
    year={1978}
} 

@book{1996Kroll,
    place={Nacogdoches, Tex},
    title={Aging and judging trophy whitetails},
    publisher={Center for Applied Studies in Forestry, College of Forestry, Stephen F. Austin State University},
    author={Kroll, James C. and Biggs, Mike},
    year={1996}
} 

@misc{1999Demarais,
    title={A hunter’s guide to aging and judging live white-tailed deer in the southeast.},
    publisher={Mississippi State University},
    author={Demarais, S. and Stewart, D. and Grifﬁn, R. N.},
    year={1999}
} 

@book{2003Richards,
    place={Boerne, TX},
    title={Observing \& evaluating whitetails},
    publisher={D. Richards},
    author={Richards, Dave and Brothers, Al},
    year={2003}
} 

@article{2008Hellickson,
    title={Physical Characteristics for Age Estimation of Male White-tailed Deer in Southern Texas},
    author={Hellickson, Mickey W and Miller, Karl V and DeYoung, Charles A and Marchinton, R. Larry and Stedman, Stuart W and Hall, Robert E},
    year={2008},
    pages={40–45}
} 

@mastersthesis{2010flinn,
    author = {Flinn, Jeremy J.},
    title = {Accuracy of estimating age and antler size of photographed deer},
    school={Mississippi State University},
    year = {2010}
}

@article{2014Gee,
    title={Accuracy and implications of visually estimating age of male white‐tailed deer using physical characteristics from photographs},
    volume={38},
    DOI={10.1002/wsb.359},
    number={1},
    journal={Wildlife Society Bulletin},
    author={Gee, Kenneth L. and Webb, Stephen L. and Holman, John H.},
    year={2014},
    month={Oct},
    pages={96–102}
} 

@article{2025pung,
    author = {Pung, Aaron J.},
    title = {Age Classification of White-tailed Deer Via Computer Vision and Deep Learning},
    elocation-id = {2025.07.01.662304},
    month = {July},
    year = {2025},
    doi = {10.1101/2025.07.01.662304},
    publisher = {Cold Spring Harbor Laboratory},
    issn = {2692-8205},
    url = {https://www.biorxiv.org/content/early/2025/07/05/2025.07.01.662304},
    journal = {bioRxiv}
}

% ---------------------------------
%   CNNs in species identification
% ---------------------------------
@article{2019favorskaya,
	title = {Animal species recognition in the wildlife based on muzzle and shape features using joint CNN},
	journal = {Procedia Computer Science},
	volume = {159},
	pages = {933-942},
	year = {2019},
	note = {Knowledge-Based and Intelligent Information & Engineering Systems: Proceedings of the 23rd International Conference KES2019},
	issn = {1877-0509},
	doi = {https://doi.org/10.1016/j.procs.2019.09.260},
	url = {https://www.sciencedirect.com/science/article/pii/S1877050919314565},
	author = {Margarita Favorskaya and Andrey Pakhirka},
	keywords = {Animal recognition, shape features, muzzle features;deep learning},
}
@article{2023hindarto,
	title={Use ResNet50V2 deep learning model to classify five animal species},
	author={Hindarto, Djarot},
	journal={Jurnal JTIK (Jurnal Teknologi Informasi dan Komunikasi)},
	volume={7},
	number={4},
	pages	={758--768},
	year={2023}
}
@article{2024sharma,
	author = {Sharma, Sandhya and Timilsina, Suresh and Gautam, Bishnu Prasad and Watanabe, Shinya and Kondo, Satoshi and Sato, Kazuhiko},
	title = {Enhancing Sika Deer Identification: Integrating CNN-Based Siamese Networks with SVM Classification},
	journal = {Electronics},
	volume = {13},
	year = {2024},
	number = {11},
	article-number = {2067},
	issn = {2079-9292},
	DOI = {10.3390/electronics13112067}
}
@inproceedings{2025Roca,
	title={Detection of Endangered Deer Species Using UAV Imagery: A Comparative Study between Efficient Deep Learning Approaches},
	DOI={10.1109/icuas65942.2025.11007886},
	booktitle={2025 International Conference on Unmanned Aircraft Systems (ICUAS)},
	publisher={IEEE},
	author={Roca, Agustin and Castro, Gastón and Torre, Gabriel and Colombo, Leonardo J. and Mas, Ignacio and Pereira, Javier and Giribet, Juan I.},
	year={2025},
	month=may, pages={83–90}
}

% ------------------------------------------------------------
%                     CNN Age Predictions
% ------------------------------------------------------------
@INPROCEEDINGS{2022mazurek,
	author={Mazurek, Szymon and Wielgosz, Maciej and Caputa, Jakub and Frączek, Rafał and Karwatowski, Michał and Grzeszczyk, Jakub and Łukasik, Daria and Śmiech, Anna and Russek, Paweł and Jamro, Ernest and Dąbrowska-Boruch, Agnieszka and Pietroń, Marcin and Koryciak, Sebastian and Wiatr, Kazimierz},
	booktitle={2022 17th Conference on Computer Science and Intelligence Systems (FedCSIS)}, 
	title={Canine age classification using Deep Learning as a step toward preventive medicine in animals}, 
	year={2022},
	volume={},
	number={},
	pages={169-172},
	doi={10.15439/2022F226}
}

@article{2022qi,
	author = {Qi, Yu and Su, Han and Hou, Rong and Zang, Hangxing and Liu, Peng and He, Mengnan and Xu, Ping and Zhang, Zhihe and Chen, Peng},
	title = {Giant panda age recognition based on a facial image deep learning system},
	journal = {Ecology and Evolution},
	volume = {12},
	number = {12},
	pages = {e9507},
	doi = {https://doi.org/10.1002/ece3.9507},
	note = {e9507 ECE-2022-02-00185.R3},
	year = {2022}
}

@INPROCEEDINGS{2023saini,
	author={Saini, Shubham and Shukla, Saurabh and Rana, Prashant Singh and Kohli, Guneet and Singh, Jaskaran and Singh, Gaurav Kumar},
	booktitle={2023 International Conference on Advancement in Computation & Computer Technologies (InCACCT)}, 
	title={PugNet: A CNN Architecture to predict the Gender and Age of Blackbuck using Pugmarks}, 
	year={2023},
	volume={},
	number={},
	pages={213-220},
	doi={10.1109/InCACCT57535.2023.10141805}
}

% ------------------------------------------------------------
%                     AGING ON THE TOOTH
% ------------------------------------------------------------
@article{1949severinghaus,
    title={Tooth development and wear as criteria of age in white-tailed deer},
    volume={13},
    DOI={10.2307/3796089},
    number={2},
    journal={The Journal of Wildlife Management},
    author={Severinghaus, C. W.},
    year={1949},
    month={Apr},
    pages={195}
} 

@article{1963Low,
    title={Age determination of deer by annular structure of dental cementum},
    volume={27},
    DOI={10.2307/3798521},
    number={3},
    journal={The Journal of Wildlife Management},
    author={Low, William A. and Cowan, I. McT.},
    year={1963},
    month={July},
    pages={466}
} 

@article{1963Lueth,
    title={A Comparison of Some Aging Techniques for Alabama Deer},
    journal={Journal of the Southeastern Association of Fish and Wildlife Agencies},
    author={Lueth, Francis},
    year={1963},
    month={Mar}
} 

@article{1966Gilbert, 
    title={Aging white-tailed deer by annuli in the cementum of the first incisor},
    volume={30},
    DOI={10.2307/3797906},
    number={1},
    journal={The Journal of Wildlife Management},
    author={Gilbert, Frederick F.},
    year={1966},
    month={Jan},
    pages={200}
} 

@article{1966Ransom,
    title={Determining age of white-tailed deer from layers in cementum of molars},
    volume={30},
    DOI={10.2307/3797905},
    number={1},
    journal={The Journal of Wildlife Management},
    author={Ransom, A. Brian},
    year={1966},
    month={Jan},
    pages={197}
} 

@mastersthesis{1967Ludwig,
    author={Ludwig, John},
    title={Comparison of age determination techniques for the white-tailed deer of Southern Illinois},
    year={1967},
    school={Southern Illinois University},
} 

@article{1970gilbert,
    title={Variability in aging Maine white-tailed deer by tooth-wear characteristics},
    volume={34},
    DOI={10.2307/3798858},
    number={3},
    journal={The Journal of Wildlife Management},
    author={Gilbert, Frederick F. and Stolt, Sandra L.},
    year={1970},
    month={July},
    pages={532}
}

@article{1973Klevezal,
    title={Factors determining the character of annual layers in mammalian tooth and bone tissue}, 
    volume={34},
    journal={Zhurnal obshcheĭ biologii},
    author={Klevezal, Galina and Mina, Mikhail},
    year={1973},
    pages={594–604}
} 

@inbook{1979Cook,
    year={1979},
    title={Ages Assigned Known-Age Texas White-Tailed Deer: Tooth Wear Versus Cementum Analysis},
    volume={33},
    booktitle={Proc. Ann. Conf. S.E. Assoc. Fish & Wildl. Agencies},
    author={Cook, Robert and Hart, Raymond},
    pages={195–201}
}

@inproceedings{1979Hackett,
    author = {Hackett, E.J. and Guynn, David and Jacobson, Harry},
    year = {1979},
    month = {Jan},
    pages = {25-29},
    title = {Differences in Age Structure and White Tailed Deer in Mississippi Produced by Two Aging Techniques},
    booktitle = {Proc. Ann. Conf. S.E. Assoc. Fish & Wildl. Agencies},
    volume = {33}
}

@incollection{1980Larson,
    author    = {Larson, James S. and Taber, Richard D.},
    title     = {Criteria of sex and age},
    editor    = {Schemnitz, Sanford D.},
    booktitle = {Wildlife Management Techniques Manual},
    edition   = {4th},
    pages     = {143--202},
    publisher = {The Wildlife Society},
    address   = {Washington, D.C.},
    year      = {1980}
}

@inproceedings{1989Jacobson,
    author = {Jacobson, Harry and Reiner, Richard},
    year = {1989},
    month = {Jan},
    volume = {43},
    pages = {286-291},
    booktitle = {Proc. Ann. Conf. S.E. Assoc. Fish & Wildl. Agencies},
    title = {Estimating age of white-tailed deer Tooth wear vs cementum annuli}
}

@article{1991Mitchell,
    title={Reliability of techniques for determining age in southern white-tailed deer},
    volume={60},
    number={3},
    journal={Journal of the Tennessee Academy of Science},
    author={Mitchell, Carla and Smith, Winston},
    year={1991},
    month={July}
} 

@article{2000Hamlin,
    title={Evaluating the accuracy of ages obtained by two methods for Montana ungulates},
    volume={64},
    DOI={10.2307/3803242},
    number={2},
    journal={The Journal of Wildlife Management},
    author={Hamlin, Kenneth L. and Pac, David F. and Sime, Carolyn A. and DeSimone, Richard M. and Dusek, Gary L.},
    year={2000},
    month={Apr},
    pages={441}
} 

@inbook{2006Meares,
    year={2006},
    title={ A Quantitative Evaluation of the Severinghaus Technique for Estimating Age of White-tailed Deer},
    volume={60},
    booktitle={Proc. Ann. Conf. S.E. Assoc. Fish & Wildl. Agencies},
    author={Meares, Jeremy and Murphy, Brian and Ruth, Charles and Osborn, David and Warren, Robert and Miller, Karl},
    pages={89-93}
} 

@article{2013cooper,
    title={Dentine method: Aging white‐tailed deer by tooth measurements},
    volume={37},
    DOI={10.1002/wsb.275},
    number={2},
    journal={Wildlife Society Bulletin},
    author={Cooper, Susan M. and Sieckenius, Shane S. and Silva, Andrea L.},
    year={2013},
    month={Apr},
    pages={451–457}
}

@article{2020Adams,
    title={Precision of cementum annuli method for aging male white-tailed deer},
    volume={15},
    DOI={10.1371/journal.pone.0233421},
    number={5},
    journal={PLOS ONE},
    author={Adams, Daniel M. and Blanchong, Julie A.},
    year={2020},
    month={May}
} 

% ------------------------------------------------------------
%               CONVOLUTIONAL NEURAL NETWORKS
% ------------------------------------------------------------
@misc{2015he,
    title={Deep Residual Learning for Image Recognition}, 
    author={Kaiming He and Xiangyu Zhang and Shaoqing Ren and Jian Sun},
    year={2015},
    eprint={1512.03385},
    archivePrefix={arXiv},
    primaryClass={cs.CV},
    url={https://arxiv.org/abs/1512.03385}, 
}

@misc{2018huang,
    title={Densely Connected Convolutional Networks}, 
    author={Gao Huang and Zhuang Liu and Laurens van der Maaten and Kilian Q. Weinberger},
    year={2018},
    eprint={1608.06993},
    archivePrefix={arXiv},
    primaryClass={cs.CV},
    url={https://arxiv.org/abs/1608.06993}, 
}

@misc{2020tan,
    title={EfficientNet: Rethinking Model Scaling for Convolutional Neural Networks}, 
    author={Mingxing Tan and Quoc V. Le},
    year={2020},
    eprint={1905.11946},
    archivePrefix={arXiv},
    primaryClass={cs.LG},
    url={https://arxiv.org/abs/1905.11946}, 
}

% ------------------------------------------------------------
%                PROFESSIONAL DENTAL ANALYSIS
% ------------------------------------------------------------

@misc{2024wal,
    url={https://deerage.com/},
    journal={Wildlife Analytical Laboratories},
    year={2024},
    month={Aug}
} 

@misc{2025mat,
    url={https://matsonslab.com/},
    journal={Matson’s Laboratory},
    year={2025},
    month={Feb}
}

% ------------------------------------------------------------
%                 DENTAL ANALYSIS INFORMATION
% ------------------------------------------------------------
@misc{2023nda,
    url={https://deerassociation.com/which-deer-aging-technique-is-more-accurate-jawbone-or-cementum/#:~:text=Matson’s%20Lab%20did%20not%20know,accuracies%20are%20likely%20minimum%20estimates.},
    journal={National Deer Association},
    publisher={National Deer Association},
    year={2023},
    month={Sep}
} 

@misc{2012nda,
    title = {Estimating Deer Age With Cementum Annuli}, 
    howpublished = {https://deerassociation.com/estimating-deer-age-cementum-annuli/},
    journal={National Deer Association},
    author={National Deer Association},    
    organization={National Deer Association},
    year={2012},
    month={Oct}
} 

%AOTT Resources
% Video
@misc{2012ndayt,
    title={White-tailed Deer Jawbone Aging: Part 1 -- Tooth Replacement},
    year={2012},    
    howpublished = {https://www.youtube.com/watch?v=c2QXoPemYSE},
    author={National Deer Association},
    organization = {Youtube},
    month={Nov}
} 

@misc{2014Adams,
    title={What’s the oldest deer on record?: National Deer Association},
    howpublished={https://deerassociation.com/whats-oldest-deer-record/},
    journal={National Deer Association},
    publisher={National Deer Association},
    author={Adams, Kip},
    year={2014},
    month={July}
}